@inproceedings{aggarwal08outlier,
  title={Outlier detection with uncertain data},
  author={Aggarwal, Charu C and Yu, Philip S},
  booktitle={Proceedings of the 2008 SIAM International Conference on Data Mining},
  pages={483--493},
  year={2008},
  organization={SIAM}
}

@article{angiulli05outlier,
  title={Outlier mining in large high-dimensional data sets},
  author={Angiulli, Fabrizio and Pizzuti, Clara},
  journal={IEEE transactions on Knowledge and Data engineering},
  volume={17},
  number={2},
  pages={203--215},
  year={2005},
  publisher={IEEE}
}

@misc{Bernardo2001bayesian,
  title={Bayesian theory},
  author={Bernardo, Jos{\'e} M and Smith, Adrian FM},
  year={2001},
  publisher={IOP Publishing}
}

@inproceedings{Breunig00lof,
  title={LOF: identifying density-based local outliers},
  author={Breunig, Markus M and Kriegel, Hans-Peter and Ng, Raymond T and Sander, J{\"o}rg},
  booktitle={ACM sigmod record},
  volume={29},
  number={2},
  pages={93--104},
  year={2000},
  organization={ACM}
}

@article{Campos16evaluation,
  title={On the evaluation of unsupervised outlier detection: measures, datasets, and an empirical study},
  author={Campos, Guilherme O and Zimek, Arthur and Sander, J{\"o}rg and Campello, Ricardo JGB and Micenkov{\'a}, Barbora and Schubert, Erich and Assent, Ira and Houle, Michael E},
  journal={Data Mining and Knowledge Discovery},
  volume={30},
  number={4},
  pages={891--927},
  year={2016},
  publisher={Springer}
}

@article{Forestiero16self,
  title={Self-organizing anomaly detection in data streams},
  author={Forestiero, Agostino},
  journal={Information Sciences},
  volume={373},
  pages={321--336},
  year={2016},
  publisher={Elsevier}
}

@article{Gupta14outlier,
  title={Outlier detection for temporal data: A survey},
  author={Gupta, Manish and Gao, Jing and Aggarwal, Charu C and Han, Jiawei},
  journal={IEEE Transactions on Knowledge and Data Engineering},
  volume={26},
  number={9},
  pages={2250--2267},
  year={2014},
  publisher={IEEE}
}

@book{Hawkins80identification,
  title={Identification of outliers},
  author={Hawkins, Douglas M},
  volume={11},
  year={1980},
  publisher={Springer}
}

@book{JapkowiczS11,
  editor    = {N. Japkowicz and
               M. Shah},
  title     = {Evaluating Learning Algorithms: {A} Classification Perspective},
  publisher = {Cambridge University Press},
  year      = {2011},
  isbn      = {9780521196000},
  timestamp = {Tue, 27 Sep 2011 07:34:03 +0200},
  biburl    = {http://dblp.uni-trier.de/rec/bib/books/cu/Japkowicz2011},
  bibsource = {dblp computer science bibliography, http://dblp.org}
}

@inproceedings{Kriegel08angle,
  title={Angle-based outlier detection in high-dimensional data},
  author={Kriegel, Hans-Peter and Zimek, Arthur and others},
  booktitle={Proceedings of the 14th ACM SIGKDD international conference on Knowledge discovery and data mining},
  pages={444--452},
  year={2008},
  organization={ACM}
}

@inproceedings{Lee2008trajectory,
  title={Trajectory outlier detection: A partition-and-detect framework},
  author={Lee, Jae-Gil and Han, Jiawei and Li, Xiaolei},
  booktitle={Data Engineering, 2008. ICDE 2008. IEEE 24th International Conference on},
  pages={140--149},
  year={2008},
  organization={IEEE}
}

@article{Liu04line,
  title={On-line outlier detection and data cleaning},
  author={Liu, Hancong and Shah, Sirish and Jiang, Wei},
  journal={Computers \& chemical engineering},
  volume={28},
  number={9},
  pages={1635--1647},
  year={2004},
  publisher={Elsevier}
}
                 

@article{Luengo09study,
  title={A study on the use of statistical tests for experimentation with neural networks: Analysis of parametric test conditions and non-parametric tests},
  author={Luengo, Juli{\'a}n and Garc{\'i}a, Salvador and Herrera, Francisco},
  journal={Expert Systems with Applications},
  volume={36},
  number={4},
  pages={7798--7808},
  year={2009},
  publisher={Elsevier}
}

@article{Pizarro02comparison,
  title={Multiple comparison procedures applied to model selection},
  author={Pizarro, Joaqu{\i}n and Guerrero, Elisa and Galindo, Pedro L},
  journal={Neurocomputing},
  volume={48},
  number={1},
  pages={155--173},
  year={2002},
  publisher={Elsevier}
}

@article{SantafeIL15,
  author    = {G. Santaf{\'{e}} and
               I. Inza and
               J.A. Lozano},
  title     = {Dealing with the evaluation of supervised classification algorithms},
  journal   = {Artif. Intell. Rev.},
  volume    = {44},
  number    = {4},
  pages     = {467--508},
  year      = {2015},
  url       = {http://dx.doi.org/10.1007/s10462-015-9433-y},
  doi       = {10.1007/s10462-015-9433-y},
  timestamp = {Mon, 16 Nov 2015 12:36:41 +0100},
  biburl    = {http://dblp.uni-trier.de/rec/bib/journals/air/SantafeIL15},
  bibsource = {dblp computer science bibliography, http://dblp.org}
}

@inproceedings{Souiden16survey,
  title={A Survey on Outlier Detection in the Context of Stream Mining: Review of Existing Approaches and Recommadations},
  author={Souiden, Imen and Brahmi, Zaki and Toumi, Hajer},
  booktitle={International Conference on Intelligent Systems Design and Applications},
  pages={372--383},
  year={2016},
  organization={Springer}
}

@article{WolpertM97,
 author = {Wolpert, D. H. and Macready, W. G.},
 title = {No Free Lunch Theorems for Optimization},
 journal = {Trans. Evol. Comp},
 issue_date = {April 1997},
 volume = {1},
 number = {1},
 month = apr,
 year = {1997},
 issn = {1089-778X},
 pages = {67--82},
 numpages = {16},
 url = {http://dx.doi.org/10.1109/4235.585893},
 doi = {10.1109/4235.585893},
 acmid = {2221408},
 publisher = {IEEE Press},
 address = {Piscataway, NJ, USA}
} 

@article{DBLP:journals/tkde/PratiBM11,
  author    = {E. C. Prati and
               G: E. A. P. A. Batista and
               M. C. Monard},
  title     = {A Survey on Graphical Methods for Classification Predictive Performance Evaluation},
  journal   = {{IEEE} Trans. Knowl. Data Eng.},
  volume    = {23},
  number    = {11},
  pages     = {1601--1618},
  year      = {2011},
  url       = {http://dx.doi.org/10.1109/TKDE.2011.59},
  doi       = {10.1109/TKDE.2011.59},
  timestamp = {Tue, 08 Sep 2015 17:31:46 +0200},
  biburl    = {http://dblp.uni-trier.de/rec/bib/journals/tkde/PratiBM11},
  bibsource = {dblp computer science bibliography, http://dblp.org}
}


@incollection{DBLP:reference/stat/GibbonsC11,
  author    = {J. D. Gibbons and
               S. Chakraborti},
  title     = {Nonparametric Statistical Inference},
  booktitle = {International Encyclopedia of Statistical Science},
  pages     = {977--979},
  year      = {2011},
  crossref  = {DBLP:reference/stat/2011},
  url       = {http://dx.doi.org/10.1007/978-3-642-04898-2_420},
  doi       = {10.1007/978-3-642-04898-2_420},
  timestamp = {Fri, 29 May 2015 11:12:06 +0200},
  biburl    = {http://dblp.uni-trier.de/rec/bib/reference/stat/GibbonsC11},
  bibsource = {dblp computer science bibliography, http://dblp.org}
}
@book{DBLP:reference/stat/2011,
  editor    = {M. Lovric},
  title     = {International Encyclopedia of Statistical Science},
  publisher = {Springer},
  year      = {2011},
  url       = {http://dx.doi.org/10.1007/978-3-642-04898-2},
  doi       = {10.1007/978-3-642-04898-2},
  isbn      = {978-3-642-04897-5},
  timestamp = {Fri, 29 May 2015 11:12:06 +0200},
  biburl    = {http://dblp.dagstuhl.de/rec/bib/reference/stat/2011},
  bibsource = {dblp computer science bibliography, http://dblp.org}
}


@book{Sheskin03,
  title={Handbook of parametric and nonparametric statistical procedures},
  author={Sheskin, D. J.},
  year={2003},
  publisher={crc Press}
}


@book{Ibarrola93,
  title={Principios de inferencia estad{\'\i}stica},
  author={Ibarrola, R.V. and P{\'e}rez, A.G.},
  isbn={9788436229479},
  series={Ciencias Matem{\'a}ticas},
  url={https://books.google.es/books?id=K-UgOwAACAAJ},
  year={1993},
  publisher={UNED}
}

@book{Pesarin10,
  title={Permutation tests for complex data: theory, applications and software},
  author={Pesarin, F. and Salmaso, L.},
  year={2010},
  publisher={John Wiley \& Sons}
}


@article{DBLP:journals/pami/KanungoHBSM00,
  author    = {T. Kanungo and
               R. M. Haralick and
               H. S. Baird and
               W. Stuetzle and
               D. Madigan},
  title     = {A Statistical, Nonparametric Methodology for Document Degradation
               Model Validation},
  journal   = {{IEEE} Trans. Pattern Anal. Mach. Intell.},
  volume    = {22},
  number    = {11},
  pages     = {1209--1223},
  year      = {2000},
  url       = {http://dx.doi.org/10.1109/34.888707},
  doi       = {10.1109/34.888707},
  timestamp = {Sat, 12 Mar 2016 09:04:06 +0100},
  biburl    = {http://dblp.uni-trier.de/rec/bib/journals/pami/KanungoHBSM00},
  bibsource = {dblp computer science bibliography, http://dblp.org}
}


@inproceedings{DBLP:conf/mlmta/ChenC03,
  author    = {D. Chen and
               X. Cheng},
  title     = {Statistical Comparisons of Multiple Classifiers},
  booktitle = {Proceedings of the International Conference on Machine Learning; Models,
               Technologies and Applications. MLMTA'03, June 23 - 26, 2003, Las Vegas,
               Nevada, {USA}},
  pages     = {97--101},
  year      = {2003},
  crossref  = {DBLP:conf/mlmta/2003},
  timestamp = {Fri, 10 Oct 2003 11:06:49 +0200},
  biburl    = {http://dblp.uni-trier.de/rec/bib/conf/mlmta/ChenC03},
  bibsource = {dblp computer science bibliography, http://dblp.org}
}
@proceedings{DBLP:conf/mlmta/2003,
  editor    = {H. R. Arabnia and
               E. B. Kozerenko},
  title     = {Proceedings of the International Conference on Machine Learning; Models,
               Technologies and Applications. MLMTA'03, June 23 - 26, 2003, Las Vegas,
               Nevada, {USA}},
  publisher = {{CSREA} Press},
  year      = {2003},
  isbn      = {1-932415-11-4},
  timestamp = {Fri, 10 Oct 2003 11:06:49 +0200},
  biburl    = {http://dblp.uni-trier.de/rec/bib/conf/mlmta/2003},
  bibsource = {dblp computer science bibliography, http://dblp.org}
}


@article{Demsar06,
  author    = {J. Dem{\v{s}}ar},
  title     = {Statistical Comparisons of Classifiers over Multiple Data Sets},
  journal   = {Journal of Machine Learning Research},
  volume    = {7},
  pages     = {1--30},
  year      = {2006},
  timestamp = {Wed, 21 Feb 2007 09:15:40 +0100},
  biburl    = {http://dblp.uni-trier.de/rec/bib/journals/jmlr/Demsar06},
  bibsource = {dblp computer science bibliography, http://dblp.org}
}

@article{GarciaMLH09,
  author    = {S. Garc{\'{\i}}a and
               D. Molina and
               M. Lozano and
               F. Herrera},
  title     = {A study on the use of non-parametric tests for analyzing the evolutionary
               algorithms' behaviour: a case study on the CEC'2005 Special Session
               on Real Parameter Optimization},
  journal   = {J. Heuristics},
  volume    = {15},
  number    = {6},
  pages     = {617--644},
  year      = {2009},
  url       = {http://dx.doi.org/10.1007/s10732-008-9080-4},
  doi       = {10.1007/s10732-008-9080-4},
  timestamp = {Tue, 15 Dec 2009 10:00:19 +0100},
  biburl    = {http://dblp.uni-trier.de/rec/bib/journals/heuristics/GarciaMLH09},
  bibsource = {dblp computer science bibliography, http://dblp.org}
}


@article{GarciaH08extension,
  title={An Extension on``Statistical Comparisons of Classifiers over Multiple Data Sets''for all Pairwise Comparisons},
  author={Garcia, S. and Herrera, F.},
  journal={Journal of Machine Learning Research},
  volume={9},
  number={Dec},
  pages={2677--2694},
  year={2008}
}

@article{GarciaFLH08,
author="Garc{\'i}a, S.
and Fern{\'a}ndez, A.
and Luengo, J.
and Herrera, F.",
title="A study of statistical techniques and performance measures for genetics-based machine learning: accuracy and interpretability",
journal="Soft Computing",
year="2008",
volume="13",
number="10",
pages="959--977",
abstract="The experimental analysis on the performance of a proposed method is a crucial and necessary task to carry out in a research. This paper is focused on the statistical analysis of the results in the field of genetics-based machine Learning. It presents a study involving a set of techniques which can be used for doing a rigorous comparison among algorithms, in terms of obtaining successful classification models. Two accuracy measures for multi-class problems have been employed: classification rate and Cohen's kappa. Furthermore, two interpretability measures have been employed: size of the rule set and number of antecedents. We have studied whether the samples of results obtained by genetics-based classifiers, using the performance measures cited above, check the necessary conditions for being analysed by means of parametrical tests. The results obtained state that the fulfillment of these conditions are problem-dependent and indefinite, which supports the use of non-parametric statistics in the experimental analysis. In addition, non-parametric tests can be satisfactorily employed for comparing generic classifiers over various data-sets considering any performance measure. According to these facts, we propose the use of the most powerful non-parametric statistical tests to carry out multiple comparisons. However, the statistical analysis conducted on interpretability must be carefully considered.",
issn="1433-7479",
doi="10.1007/s00500-008-0392-y",
url="http://dx.doi.org/10.1007/s00500-008-0392-y"
}


@article{DBLP:journals/isci/GarciaFLH10,
  author    = {S. Garc{\'{\i}}a and
               A. Fern{\'{a}}ndez and
               J. Luengo and
               F. Herrera},
  title     = {Advanced nonparametric tests for multiple comparisons in the design
               of experiments in computational intelligence and data mining: Experimental
               analysis of power},
  journal   = {Inf. Sci.},
  volume    = {180},
  number    = {10},
  pages     = {2044--2064},
  year      = {2010},
  url       = {http://dx.doi.org/10.1016/j.ins.2009.12.010},
  doi       = {10.1016/j.ins.2009.12.010},
  timestamp = {Fri, 30 Apr 2010 13:04:00 +0200},
  biburl    = {http://dblp.uni-trier.de/rec/bib/journals/isci/GarciaFLH10},
  bibsource = {dblp computer science bibliography, http://dblp.org}
}

@article{Otero14,
title = "Bootstrap analysis of multiple repetitions of experiments using an interval-valued multiple comparison procedure ",
journal = "Journal of Computer and System Sciences ",
volume = "80",
number = "1",
pages = "88 - 100",
year = "2014",
note = "",
issn = "0022-0000",
doi = "http://dx.doi.org/10.1016/j.jcss.2013.03.009",
url = "http://www.sciencedirect.com/science/article/pii/S0022000013000731",
author = "J. Otero and L. Sánchez and I. Couso and A. Palacios",
keywords = "Cross validation",
keywords = "Statistical comparisons of algorithms",
keywords = "Tests for interval-valued data "
}


@book{Alpaydin10,
 author = {Alpaydin, E.},
 title = {Introduction to Machine Learning},
 year = {2010},
 isbn = {026201243X, 9780262012430},
 edition = {2nd},
 publisher = {The MIT Press}
} 

@book{Hollander99,
   title = "Nonparametric statistical methods",
   author = "Hollander, M. and Wolfe, D. A.",
   series = "Wiley series in probability and statistics",
   publisher = "Wiley",
   address = "New York",
   url = "http://opac.inria.fr/record=b1095753",
   isbn = "0-471-19045-4",
   note = "A Wiley-Interscience publication.",
   year = 1999
}

@article{Wald1944,
author = "Wald, A. and Wolfowitz, J.",
doi = "10.1214/aoms/1177731207",
fjournal = "The Annals of Mathematical Statistics",
journal = "Ann. Math. Statist.",
month = "12",
number = "4",
pages = "358--372",
publisher = "The Institute of Mathematical Statistics",
title = "Statistical Tests Based on Permutations of the Observations",
url = "http://dx.doi.org/10.1214/aoms/1177731207",
volume = "15",
year = "1944"
}

@book{Gelman03,
    author = {Gelman, A. and Carlin, J. B. and Stern, H. S. and Rubin, D. B.},
    citeulike-article-id = {105949},
    day = {29},
    edition = {2},
    howpublished = {Hardcover},
    isbn = {158488388X},
    keywords = {bayesian, book, chr, loan, probabilisticmodeling},
    month = jul,
    posted-at = {2006-01-20 20:01:54},
    priority = {3},
    publisher = {Chapman and Hall/CRC},
    title = {{Bayesian Data Analysis, Second Edition (Chapman \& Hall/CRC Texts in Statistical Science)}},
    url = {http://www.worldcat.org/isbn/158488388X},
    year = {2003}
}

@inproceedings{BenavoliCMZR14wilcoxon,
  author    = {A. Benavoli and
               G. Corani and
               F. Mangili and
               M. Zaffalon and
               F. Ruggeri},
  title     = {A Bayesian Wilcoxon signed-rank test based on the Dirichlet process},
  booktitle = {Proceedings of the 31th International Conference on Machine Learning,
               {ICML} 2014, Beijing, China, 21-26 June 2014},
  pages     = {1026--1034},
  year      = {2014},
  crossref  = {DBLP:conf/icml/2014},
  timestamp = {Tue, 12 Jul 2016 21:51:15 +0200},
  biburl    = {http://dblp.uni-trier.de/rec/bib/conf/icml/BenavoliCMZR14},
  bibsource = {dblp computer science bibliography, http://dblp.org}
}
@proceedings{DBLP:conf/icml/2014,
  title     = {Proceedings of the 31th International Conference on Machine Learning,
               {ICML} 2014, Beijing, China, 21-26 June 2014},
  series    = {{JMLR} Workshop and Conference Proceedings},
  volume    = {32},
  publisher = {JMLR.org},
  year      = {2014},
  timestamp = {Tue, 12 Jul 2016 21:51:15 +0200},
  biburl    = {http://dblp.uni-trier.de/rec/bib/conf/icml/2014},
  bibsource = {dblp computer science bibliography, http://dblp.org}
}

@inproceedings{BenavoliCMZ15,
  author    = {A. Benavoli and
               G. Corani and
               F. Mangili and
               M. Zaffalon},
  title     = {A Bayesian nonparametric procedure for comparing algorithms},
  booktitle = {Proceedings of the 32nd International Conference on Machine Learning,
               {ICML} 2015, Lille, France, 6-11 July 2015},
  pages     = {1264--1272},
  year      = {2015},
  crossref  = {DBLP:conf/icml/2015},
  timestamp = {Tue, 12 Jul 2016 21:51:15 +0200},
  biburl    = {http://dblp.uni-trier.de/rec/bib/conf/icml/BenavoliCMZ15},
  bibsource = {dblp computer science bibliography, http://dblp.org}
}
@proceedings{DBLP:conf/icml/2015,
  editor    = {F. R. Bach and
               D. M. Blei},
  title     = {Proceedings of the 32nd International Conference on Machine Learning,
               {ICML} 2015, Lille, France, 6-11 July 2015},
  series    = {{JMLR} Workshop and Conference Proceedings},
  volume    = {37},
  publisher = {JMLR.org},
  year      = {2015},
  url       = {http://jmlr.org/proceedings/papers/v37/},
  timestamp = {Tue, 12 Jul 2016 21:51:15 +0200},
  biburl    = {http://dblp.uni-trier.de/rec/bib/conf/icml/2015},
  bibsource = {dblp computer science bibliography, http://dblp.org}
}

@inproceedings{BenavoliPdC15joint,
  author    = {A. Benavoli and
               C. Polpo de Campos},
  title     = {Statistical Tests for Joint Analysis of Performance Measures},
  booktitle = {Advanced Methodologies for Bayesian Networks - Second International
               Workshop, {AMBN} 2015, Yokohama, Japan, November 16-18, 2015. Proceedings},
  pages     = {76--92},
  year      = {2015},
  crossref  = {DBLP:conf/jsai/2015ambn},
  doi       = {10.1007/978-3-319-28379-1_6},
  timestamp = {Tue, 12 Jan 2016 10:20:34 +0100},
  biburl    = {http://dblp.uni-trier.de/rec/bib/conf/jsai/BenavoliC15},
  bibsource = {dblp computer science bibliography, http://dblp.org}
}
@proceedings{DBLP:conf/jsai/2015ambn,
  editor    = {Joe Suzuki and
               Maomi Ueno},
  title     = {Advanced Methodologies for Bayesian Networks - Second International
               Workshop, {AMBN} 2015, Yokohama, Japan, November 16-18, 2015. Proceedings},
  series    = {Lecture Notes in Computer Science},
  volume    = {9505},
  publisher = {Springer},
  year      = {2015},
  url       = {http://dx.doi.org/10.1007/978-3-319-28379-1},
  doi       = {10.1007/978-3-319-28379-1},
  isbn      = {978-3-319-28378-4},
  timestamp = {Tue, 12 Jan 2016 10:19:32 +0100},
  biburl    = {http://dblp.uni-trier.de/rec/bib/conf/jsai/2015ambn},
  bibsource = {dblp computer science bibliography, http://dblp.org}
}


@article{CoraniB15cv-multiple-ds,
  author    = {G. Corani and
               A. Benavoli},
  title     = {A Bayesian approach for comparing cross-validated algorithms on multiple data sets},
  journal   = {Machine Learning},
  volume    = {100},
  number    = {2-3},
  pages     = {285--304},
  year      = {2015},
  doi       = {10.1007/s10994-015-5486-z},
  timestamp = {Mon, 17 Aug 2015 11:54:12 +0200},
  biburl    = {http://dblp.uni-trier.de/rec/bib/journals/ml/CoraniB15},
  bibsource = {dblp computer science bibliography, http://dblp.org}
}


@article{Benavoli16TimeFA,
  title={Time for a change: a tutorial for comparing multiple classifiers through Bayesian analysis},
  author={Alessio Benavoli and Giorgio Corani and Janez Demsar and Marco Zaffalon},
  journal={CoRR},
  year={2016},
  volume={abs/1606.04316}
}


@article{Alcala10KEEL,
  title={Keel data-mining software tool: Data set repository, integration of algorithms and experimental analysis framework},
  author={Alcal{\'a}, J. and Fern{\'a}ndez, A. and Luengo, J. and Derrac, J. and Garc{\'i}a, S. and S{\'a}nchez, L. and Herrera, F.},
  journal={Journal of Multiple-Valued Logic and Soft Computing},
  volume={17},
  number={2-3},
  pages={255--287},
  year={2010},
  publisher={Citeseer}
}

@article{Derrac11tutorial,
title = "A practical tutorial on the use of nonparametric statistical tests as a methodology for comparing evolutionary and swarm intelligence algorithms ",
journal = "Swarm and Evolutionary Computation ",
volume = "1",
number = "1",
pages = "3 - 18",
year = "2011",
issn = "2210-6502",
author ={Derrac, J. and Garc{\'i}a, S. and Molina, D. and Herrera, F.},
keywords = "Statistical analysis",
keywords = "Nonparametric statistics",
keywords = "Pairwise comparisons",
keywords = "Multiple comparisons",
keywords = "Evolutionary algorithms",
keywords = "Swarm intelligence algorithms "
}

@article{RhyneS65tables,
author = { A. L.   Rhyne  and  R.   G. D.   Steel },
title = {Tables for a Treatments Versus Control Multiple Comparisons Sign Test},
journal = {Technometrics},
volume = {7},
number = {3},
pages = {293-306},
year = {1965}
}

@article{CoraniBDMZ16hierarchical,
  title={Statistical comparison of classifiers through Bayesian hierarchical modelling},
  author={Corani, G. and Benavoli, A. and Dem{\v{s}}ar, J. and Mangili, F. and Zaffalon, M.}
}

@article{Alpaydin98combined5,
    author = {E. Alpaydin},
    title = {Combined 5 x 2cv F Test for Comparing Supervised Classification Learning Algorithms},
    journal = {Neural Computation},
    year = {1998},
    volume = {11},
    pages = {1885--1892}
}

@ARTICLE{DerracGH15javanpst,
   author = {Derrac, J. and Garc{\'\i}a, S. and Herrera, F.},
   title = {JavaNPST: Nonparametric Statistical Tests in Java},
   journal = {ArXiv e-prints},
   archivePrefix = "arXiv",
   primaryClass = "stat.CO",
   keywords = {Statistics - Computation},
   year = 2015,
   month = jan,
   adsurl = {http://adsabs.harvard.edu/abs/2015arXiv150104222D}
}

@article{CalvoSF15scmamp,
    title = {scmamp: Statistical Comparison of Multiple Algorithms in
      Multiple Problems},
    author = {B. Calvo and G. Santafe},
    year = {2015},
    journal = {The R Journal},
    volume = {Accepted for publication}
  }

@article{Dietterich98approximate,
  title={Approximate statistical tests for comparing supervised classification learning algorithms},
  author={Dietterich, T. G},
  journal={Neural computation},
  volume={10},
  number={7},
  pages={1895--1923},
  year={1998},
  publisher={MIT Press}
}

@article{Salzberg97,
author="Salzberg, S. L.",
title="On Comparing Classifiers: Pitfalls to Avoid and a Recommended Approach",
journal="Data Mining and Knowledge Discovery",
year="1997",
volume="1",
number="3",
pages="317--328",
issn="1573-756X",
doi="10.1023/A:1009752403260",
url="http://dx.doi.org/10.1023/A:1009752403260"
}

@manual{Hamilton16ggtern,
    title = {ggtern: An Extension to 'ggplot2', for the Creation of Ternary Diagrams},
    author = {N. Hamilton},
    year = {2016},
    note = {R package version 2.1.4},
    url = {https://CRAN.R-project.org/package=ggtern}
}

@article{NadeauB2003inference,
  title={Inference for the generalization error},
  author={Nadeau, Claude and Bengio, Yoshua},
  journal={Machine Learning},
  volume={52},
  number={3},
  pages={239--281},
  year={2003}
}

